@book{knuth1984texbook,
  title={The {TeX}book},
  author={Knuth, Donald E.},
  volume={1993},
  year={1984},
  publisher={Addison-Wesley Reading, MA}
}